%YAML 1.1
%TAG !u! tag:unity3d.com,2011:
--- !u!1 &3157863120412657425
GameObject:
  m_ObjectHideFlags: 0
  m_CorrespondingSourceObject: {fileID: 0}
  m_PrefabInstance: {fileID: 0}
  m_PrefabAsset: {fileID: 0}
  serializedVersion: 6
  m_Component:
  - component: {fileID: 3157863120412657645}
  - component: {fileID: 3157863120412657426}
  - component: {fileID: 3157863120412657424}
  - component: {fileID: 3157863120412657427}
  - component: {fileID: 3157863120412657644}
  - component: {fileID: 3157863120412657647}
  m_Layer: 0
  m_Name: Main Camera
  m_TagString: MainCamera
  m_Icon: {fileID: 0}
  m_NavMeshLayer: 0
  m_StaticEditorFlags: 0
  m_IsActive: 1
--- !u!4 &3157863120412657645
Transform:
  m_ObjectHideFlags: 0
  m_CorrespondingSourceObject: {fileID: 0}
  m_PrefabInstance: {fileID: 0}
  m_PrefabAsset: {fileID: 0}
  m_GameObject: {fileID: 3157863120412657425}
  m_LocalRotation: {x: 0, y: 0, z: 0, w: 1}
  m_LocalPosition: {x: -0.5, y: 0.83, z: -10}
  m_LocalScale: {x: 1, y: 1, z: 1}
  m_Children: []
  m_Father: {fileID: 0}
  m_RootOrder: 0
  m_LocalEulerAnglesHint: {x: 0, y: 0, z: 0}
--- !u!20 &3157863120412657426
Camera:
  m_ObjectHideFlags: 0
  m_CorrespondingSourceObject: {fileID: 0}
  m_PrefabInstance: {fileID: 0}
  m_PrefabAsset: {fileID: 0}
  m_GameObject: {fileID: 3157863120412657425}
  m_Enabled: 1
  serializedVersion: 2
  m_ClearFlags: 1
  m_BackGroundColor: {r: 0.19215687, g: 0.3019608, b: 0.4745098, a: 0}
  m_projectionMatrixMode: 1
  m_SensorSize: {x: 36, y: 24}
  m_LensShift: {x: 0, y: 0}
  m_GateFitMode: 2
  m_FocalLength: 50
  m_NormalizedViewPortRect:
    serializedVersion: 2
    x: 0
    y: 0
    width: 1
    height: 1
  near clip plane: 0.3
  far clip plane: 1000
  field of view: 60
  orthographic: 1
  orthographic size: 3.1772916
  m_Depth: -1
  m_CullingMask:
    serializedVersion: 2
    m_Bits: 4294967295
  m_RenderingPath: -1
  m_TargetTexture: {fileID: 0}
  m_TargetDisplay: 0
  m_TargetEye: 0
  m_HDR: 1
  m_AllowMSAA: 0
  m_AllowDynamicResolution: 0
  m_ForceIntoRT: 0
  m_OcclusionCulling: 0
  m_StereoConvergence: 10
  m_StereoSeparation: 0.022
--- !u!81 &3157863120412657424
AudioListener:
  m_ObjectHideFlags: 0
  m_CorrespondingSourceObject: {fileID: 0}
  m_PrefabInstance: {fileID: 0}
  m_PrefabAsset: {fileID: 0}
  m_GameObject: {fileID: 3157863120412657425}
  m_Enabled: 1
--- !u!114 &3157863120412657427
MonoBehaviour:
  m_ObjectHideFlags: 0
  m_CorrespondingSourceObject: {fileID: 0}
  m_PrefabInstance: {fileID: 0}
  m_PrefabAsset: {fileID: 0}
  m_GameObject: {fileID: 3157863120412657425}
  m_Enabled: 1
  m_EditorHideFlags: 0
  m_Script: {fileID: 11500000, guid: 1d9e416ae36dc8b4ab7b908cd2da2f4a, type: 3}
  m_Name: 
  m_EditorClassIdentifier: 
  smoothTimeY: 0.05
  smoothTimeX: 0.05
  player: {fileID: 0}
  bounds: 1
  minCameraPos: {x: -0.5, y: 0.83, z: -10}
  maxCameraPos: {x: 1000, y: 1000, z: -10}
--- !u!114 &3157863120412657644
MonoBehaviour:
  m_ObjectHideFlags: 0
  m_CorrespondingSourceObject: {fileID: 0}
  m_PrefabInstance: {fileID: 0}
  m_PrefabAsset: {fileID: 0}
  m_GameObject: {fileID: 3157863120412657425}
  m_Enabled: 1
  m_EditorHideFlags: 0
  m_Script: {fileID: 11500000, guid: cabac09755d7ea24b9bd0fde96b9cf83, type: 3}
  m_Name: 
  m_EditorClassIdentifier: 
  PauseUI: {fileID: 0}
--- !u!114 &3157863120412657647
MonoBehaviour:
  m_ObjectHideFlags: 0
  m_CorrespondingSourceObject: {fileID: 0}
  m_PrefabInstance: {fileID: 0}
  m_PrefabAsset: {fileID: 0}
  m_GameObject: {fileID: 3157863120412657425}
  m_Enabled: 1
  m_EditorHideFlags: 0
  m_Script: {fileID: 11500000, guid: ebc8b0d39f67cf146b3b17ccb9e605d6, type: 3}
  m_Name: 
  m_EditorClassIdentifier: 
  HeartSprites:
  - {fileID: 21300064, guid: da9fe9ccd7fe9594ba15a86ed0fd6c3c, type: 3}
  - {fileID: 21300070, guid: da9fe9ccd7fe9594ba15a86ed0fd6c3c, type: 3}
  - {fileID: 21300068, guid: da9fe9ccd7fe9594ba15a86ed0fd6c3c, type: 3}
  - {fileID: 21300066, guid: da9fe9ccd7fe9594ba15a86ed0fd6c3c, type: 3}
  HeartUI: {fileID: 0}
